% Encoding: UTF-8
% Zitat Beispiel:
% Einfach \citep{ti_mcu}
% \cite[Seite~1820]{datasheet}

@article{MP_UART_Handout,
    author = "Karl-Ragmar Riemschneider",
    title = "Serielle Kommunikation RS-232 + UART, ARM Cortex M4 / TM4C1294",
    journal = "Vorlesung Mikroprozessortechnik",
    volume = "",
    number = "",
    pages = "11-12",
    Day   = {14},
    Month = "Jun",
    year = "2018",
    DOI = "",
    keywords = ""
}

@Misc{ti_mcu,
  Title                    = {TM4C1294NCPDT (ACTIVE) IoT enabled High performance 32-bit ARM速 Cortex速-M4F based MCU},
  Author                   = {TexasInstruments},
  HowPublished             = {Web},
  Month                    = {Dez.},
  Year                     = {2018},
  URL                      = {http://www.ti.com/product/tm4c1294ncpdt}
}

@Misc{datasheet,
  Title                    = {Tiva C Series TM4C1294NCPDT Microcontroller Data Sheet datasheet (Rev. B)},
  Author                   = {TexasInstrument},
  HowPublished             = {Web},
  Month                    = {Dez.},
  Year                     = {2018},
  URL                      = {http://www.ti.com/lit/ds/symlink/tm4c1294ncpdt.pdf}
}


@misc{rs232_standard,
  title                    = {Interface between data terminal equipment and data communication equipment employing serial binary data interchange},
  author                   = {Electronic Industries Association. Engineering Department},
  HowPublished             = {Web},
  Year                     = {1969},
  url                      = {https://www.worldcat.org/title/interface-between-data-terminal-equipment-and-data-communication- 
   equipment_employing-serial-binary-data-interchange/oclc/38637094}
}

%% Beispiele %%%%%%%%%%%%%%%%%%%%%%%%%%%%%%%%%%%%%%%%%%%%%%%%%%%%%%%%%%%%%
@Misc{datasheet2,
  Title                    = {Tiva C Series TM4C1294NCPDT Microcontroller Data Sheet datasheet (Rev. B)},
  Author                   = {TexasInstrument},
  HowPublished             = {Web},
  Month                    = {Dez.},
  Year                     = {2018},
  URL                      = {http://www.ti.com/lit/ds/symlink/tm4c1294ncpdt.pdf}
}

@Misc{ti_mcu2,
  Title                    = {TM4C1294NCPDT (ACTIVE) IoT enabled High performance 32-bit ARM速 Cortex速-M4F based MCU},
  Author                   = {TexasInstruments},
  HowPublished             = {Web},
  Month                    = {Dez.},
  Year                     = {2018},
  URL                      = {http://www.ti.com/product/tm4c1294ncpdt}
}

@article{einstein,
    author = "Albert Einstein",
    title = "{Zur Elektrodynamik bewegter K{\"o}rper}. ({German})
    [{On} the electrodynamics of moving bodies]",
    journal = "Annalen der Physik",
    volume = "322",
    number = "10",
    pages = "891--921",
    year = "1905",
    DOI = "http://dx.doi.org/10.1002/andp.19053221004",
    keywords = "physics"
}
 
@book{dirac,
    title = {The Principles of Quantum Mechanics},
    author = {Paul Adrien Maurice Dirac},
    isbn = {9780198520115},
    series = {International series of monographs on physics},
    year = {1981},
    publisher = {Clarendon Press},
    keywords = {physics}
}
 
@online{knuthwebsite,
    author = "Donald Knuth",
    title = "Knuth: Computers and Typesetting",
    url  = "http://www-cs-faculty.stanford.edu/~uno/abcde.html",
    addendum = "(accessed: 01.09.2016)",
    keywords = "latex,knuth"
}
 
@inbook{knuth-fa,
    author = "Donald E. Knuth",
    title = "Fundamental Algorithms",
    publisher = "Addison-Wesley",
    year = "1973",
    chapter = "1.2",
    keywords  = "knuth,programming"
}
